@inbook{Reed_Hill_1973, place={United States}, title={Triangular mesh methods for the neutron transport equation}, url={http://www.osti.gov/scitech/servlets/purl/4491151}, author={Reed, W.H. and Hill, T.R.}, year={1973}, month={Oct}}

@article{xu_shu_2011, title={Local Discontinuous Galerkin Methods for the Degasperis-Procesi Equation}, volume={10}, DOI={10.4208/cicp.300410.300710a}, number={2}, journal={Communications in Computational Physics}, publisher={Cambridge University Press}, author={Xu, Yan and Shu, Chi-Wang}, year={2011}, pages={474–508}}

@article{salih2015inviscid,
  title={Inviscid Burgers’ Equation},
  author={Salih, A},
  year={2015}
}

@book{leveque1992numerical,
  title={Numerical Methods for Conservation Laws},
  author={LeVeque, R.J.},
  isbn={9783764327231},
  lccn={lc92003400},
  series={Lectures in Mathematics ETH Z{\"u}rich, Department of Mathematics Research Institute of Mathematics},
  url={https://books.google.co.uk/books?id=3WhqLPcMdPsC},
  year={1992},
  publisher={Springer}
}

@book{doi:10.1137/1.9780898717938,
author = {Strikwerda, J.},
title = {Finite Difference Schemes and Partial Differential Equations, Second Edition},
publisher = {Society for Industrial and Applied Mathematics},
year = {2004},
doi = {10.1137/1.9780898717938},
address = {},
edition   = {},
URL = {http://epubs.siam.org/doi/abs/10.1137/1.9780898717938},
eprint = {http://epubs.siam.org/doi/pdf/10.1137/1.9780898717938}
}